@online{phd_grad_1,
title = {Ph. D. in Engineering with EECE Concentration},
url = {https://www.memphis.edu/eece/programs/phd.php},
url_date = {2021-09-06}
}

@misc{orientation_slides,
title = {Graduate Student Orientation},
}

@report{regulations,
title = {Academic Regulations},
chapter = {Transfer Credit}
}

@online{transfer_credit,
title = {Transfer Credit},
url = {https://www.memphis.edu/admissions/transfer/credit.phpTransfer Credit},
url_date = {2021-09-06}
}

@inbook{snieder_larner_2009,
 place={Cambridge},
title={The Art of Being a Scientist: A Guide for Graduate Students and their Mentors},
DOI={10.1017/CBO9780511816543}, 
publisher={Cambridge University Press}, 
author={Snieder, Roel and Larner, Ken},
year={2009}
}

@online{s_curve,
title = {What Goes Up… The S-Curve and it’s many applications.},
url = {https://exploitingchange.com/2016/09/08/what-goes-up-the-s-curve-and-its-many-applications/}
}

@online{s_curves,
title = {S-CURVE ANALYSIS : STRATEGIC DIVERSITY},
url = {https://colescottgroup.com/understanding-growth-using-s-curves/}
}

@online{prof_preza,
url = {https://www.memphis.edu/cirl},
title = {Computational Imaging Research laboratory}
}

@online{prof_balas,
url = {https://www.computationalocularscience.com/},
title = {Computational Ocularscience Laboratory}
}

@online{profs,
url = {https://www.memphis.edu/eece/people.php},
title = {EECE Faculty and Staff Directory}
}

@online{projs,
url = {http://www.engineeringchallenges.org/},
title = {NAE Grand Challenges for Engineers}
}

@online{inv_brain,
url = {http://www.engineeringchallenges.org/9109.aspx},
title = {Reverse-Engineer the Brain }
}

@online{covid,
url = {http://www.engineeringchallenges.org/33847.aspx},
title = {Call for Engineering Action on the COVID-19 Crisis}
}

@online{cancer,
url = {https://www.theengineer.co.uk/bladder-cancer-endoscope-multi-wavelength-lasers/},
title = {Multi-wavelength lasers spot early signs of bladder cancer}
}

@online{masks,
url = {https://interestingengineering.com/transparent-breathable-face-masks-are-well-under-way},
title = {Transparent, breathable face masks are well under way}
}

@article{article:2,
author = {Heintzmann, Rainer and Cremer, Christoph},
year = {1999},
month = {01},
pages = {},
title = {Laterally modulated excitation microscopy: Improvement of resolution by using a diffraction grating},
volume = {3568},
journal = {Proc. SPIE},
doi = {10.1117/12.336833}
}